<record><leader>00000cas a2200000 a 4500</leader><controlfield tag="001">670265371</controlfield><controlfield tag="008">101015d18uu189uoruwr ne      0    0eng c</controlfield><datafield ind1=" " ind2=" " tag="010"><subfield code="a">  2010260141</subfield></datafield><datafield ind1=" " ind2=" " tag="040"><subfield code="a">ORU</subfield><subfield code="b">eng</subfield><subfield code="c">ORU</subfield><subfield code="d">ORU</subfield><subfield code="d">OCLCF</subfield><subfield code="d">OCLCO</subfield></datafield><datafield ind1=" " ind2=" " tag="042"><subfield code="a">pcc</subfield></datafield><datafield ind1=" " ind2=" " tag="043"><subfield code="a">n-us-or</subfield></datafield><datafield ind1="0" ind2="0" tag="245"><subfield code="a">East Portland chronicle.</subfield></datafield><datafield ind1=" " ind2=" " tag="260"><subfield code="a">East Portland, Or. :</subfield><subfield code="b">Chronicle Publishing Company</subfield></datafield><datafield ind1=" " ind2=" " tag="300"><subfield code="a">v.</subfield></datafield><datafield ind1=" " ind2=" " tag="310"><subfield code="a">Weekly</subfield></datafield><datafield ind1=" " ind2=" " tag="530"><subfield code="a">Also available on microfilm from University of Oregon.</subfield></datafield><datafield ind1=" " ind2=" " tag="588"><subfield code="a">Description based on: Vol. 14, no. 10 (Sept. 18, 1891); title from masthead.</subfield></datafield><datafield ind1=" " ind2=" " tag="588"><subfield code="a">Latest issue consulted: Vol. 14, no. 12 (Oct. 2, 1891).</subfield></datafield><datafield ind1=" " ind2="0" tag="651"><subfield code="a">East Portland (Or.)</subfield><subfield code="v">Newspapers.</subfield></datafield><datafield ind1=" " ind2="7" tag="655"><subfield code="a">Newspapers.</subfield><subfield code="2">fast</subfield><subfield code="0">(OCoLC)fst01423814</subfield></datafield><datafield ind1=" " ind2="7" tag="651"><subfield code="a">Oregon</subfield><subfield code="z">East Portland.</subfield><subfield code="2">fast</subfield><subfield code="0">(OCoLC)fst01881257</subfield></datafield><datafield ind1=" " ind2=" " tag="752"><subfield code="a">United States</subfield><subfield code="b">Oregon</subfield><subfield code="c">Multnomah</subfield><subfield code="d">East Portland.</subfield></datafield><datafield ind1="0" ind2="0" tag="785"><subfield code="t">Protland chronicle (Portland, Or. : 1894)</subfield><subfield code="w">(DLC)  2010260140</subfield><subfield code="w">(OCoLC)670261674</subfield></datafield></record>